%% This BibTeX bibliography file was created using BibDesk.
%% http://bibdesk.sourceforge.net/


%% Created for Matt Rosen at 2016-03-19 12:33:39 -0400 


%% Saved with string encoding Unicode (UTF-8) 



@article{Nakamoto2008,
	Author = {Satoshi Nakamoto},
	Date-Added = {2008-10-31},
	Journal = {bitcoin.org},
	Title = {Bitcoin: A Peer-to-Peer Electronic Cash System},
	Year = {2008}}


@article{scikit-learn,
	Author = {Pedregosa, F. and Varoquaux, G. and Gramfort, A. and Michel, V. and Thirion, B. and Grisel, O. and Blondel, M. and Prettenhofer, P. and Weiss, R. and Dubourg, V. and Vanderplas, J. and Passos, A. and Cournapeau, D. and Brucher, M. and Perrot, M. and Duchesnay, E.},
	Journal = {Journal of Machine Learning Research},
	Pages = {2825--2830},
	Title = {Scikit-learn: Machine Learning in {P}ython},
	Volume = {12},
	Year = {2011}}

@inproceedings{zhu2009,
	Author = {Zhu, Jun and Ahmed, Amr and Xing, Eric P},
	Booktitle = {Proceedings of the 26th Annual International Conference on Machine Learning},
	Organization = {ACM},
	Pages = {1257--1264},
	Title = {MedLDA: maximum margin supervised topic models for regression and classification},
	Year = {2009}}


@inproceedings{Christin2013,
 author = {Christin, Nicolas},
 title = {Traveling the Silk Road: A Measurement Analysis of a Large Anonymous Online Marketplace},
 booktitle = {Proceedings of the 22Nd International Conference on World Wide Web},
 series = {WWW '13},
 year = {2013},
 isbn = {978-1-4503-2035-1},
 location = {Rio de Janeiro, Brazil},
 pages = {213--224},
 numpages = {12},
 url = {http://doi.acm.org/10.1145/2488388.2488408},
 doi = {10.1145/2488388.2488408},
 acmid = {2488408},
 publisher = {ACM},
 address = {New York, NY, USA},
 keywords = {anonymity, electronic commerce, online crime},
} 


@article{Pathak2016,
	Author = {Pathak, P. B.},
	Journal = {International Journal of Advanced Research in Computer Engineering & Technology},
	Pages = {371--373},
	Title = {A Dangerous Trend of Cybercrime: Ransomware Growing Challenge},
	Volume = {5},
	Year = {2016}}